@article{"Atkinson&Morrison, 1995",
  author="Atkinson M.P., Morrison R.",
  title="Orthogonality Persistent Object System",
  journal="VLDB Journal",
  volume=4,
  number=3,
  pages="319-401",
  year=1995
}
@article{"García Perez-Schofield&Pérez Cota, 1998",
  author="García Perez-Schofield, B., Pérez Cota, M.",
  title="Problemática del uso de ficheros en C++: un enfoque educativo",
  journal="Revista de Enseñanza y Tecnología",
  volume=1,
  number=12,
  pages="10-20",
  year=1998
}
@book{"Naughton, 1996",
  title="The Java Handbook",
  author="Naughton. P.",
  publisher="McGraw-Hill Companies, The",
  year=1996
}
@article{"Balch et al., 1989",
  author="Balch, P., Cockshott, W.P., Foulk, P.W.",
  title="Layered Implementations of persistent object stores",
  journal="Software Engineering Journal",
  volume=4,
  number=2,
  pages="123-131",
  year=1989
}
@inproceedings{"Shapiro et al., 1996",
  author="Shapiro, J.S, Farber, D.J., Smith, J.M.",
  title="State Caching in the Eros Kernel",
  booktitle="Proceedings of the Seventh Workshop on Persistent Object Systems",
  year=1996
}
@inproceedings{"Shapiro et al., 1997",
  author="Shapiro, M., Kloosterman, S., Riccardi, F.",
  title="PerDis. A Persistent Distributed Store for Persistent Applications",
  booktitle="Proceedings of the 3rd Capernet Plenary Workshop",
  year=1997
}
@misc{"García Perez-Schofield, 2002",
  booktitle="Persistencia, Evolución del Esquema y Rendimiento en el Modelo basado en Contenedores",
  author="García Perez-Schofield, B.",
  publisher="Dep. de Informática, Universidad de Vigo",
  year=2002
}
@inproceedings{"Darmon et al., 2000",
  author="Darmon, J., Formantín, C., Reguier, S., Schneider, M.",
  title="Dynamic clustering in Object Oriented Databases",
  booktitle="Proceedings of the Symposium of Objects and Databases, held at ECOOP 2000",
  year=2000
}
@book{"Ellis&Stroustrup, 1990",
  title="Annotated Reference Manual",
  author="Ellis M. A., Stroustrup, B.",
  publisher="Addison-Wesley",
  year=1990
}
@article{"Balch et al., 1989",
  author="Balch, P., Cockshott, W.P., Foulk, P.W.",
  title="Layered Implementations of persistent object stores",
  journal="Software Engineering Journal",
  volume=4,
  number=2,
  pages="123-131",
  year=1989
}
@misc{"Atkinson&Jordan, 2000",
  author="Atkinson, M., Jordan, M. ",
  booktitle="A Review of the Rationale and Architectures of Pjama: A Durable, Flexible, Evolvable, and Scalable Orthogonaly Persistent Programming Platform",
  publisher="Sun Microsystems Technical Report SMLI TR-2000-90",
  year=2000
}
